% Encoding: ISO-8859-1

@INPROCEEDINGS{CarrSP04,
  author = {Hamish Carr and Jack Snoeyink and Michiel van de Panne},
  title = {Simplifying Flexible Isosurfaces Using Local Geometric Measures},
  booktitle = {Proc. IEEE Visualization 2004},
  year = {2004},
  pages = {497-504},
  bibsource = {DBLP, http://dblp.uni-trier.de},
  ee = {http://doi.ieeecomputersociety.org/10.1109/VISUAL.2004.96},
  owner = {wordlist},
  timestamp = {2012.01.16}
}


@INPROCEEDINGS{FujishiroAT99,
  author = {Issei Fujishiro and Taeko Azuma and Yuriko Takeshimat},
  title = {Automating Transfer Function Design for Comprehensible Volume Rendering
  Based on 3{D} Field Topology Analysis},
  booktitle = {Proc. IEEE Visualization 1999},
  year = {1999},
  pages = {467-470},
  bibsource = {DBLP, http://dblp.uni-trier.de},
  owner = {Hanqi.Guo},
  printed = {y},
  review = {Volume Rendering, TF},
  timestamp = {2009.07.08}
}


@INPROCEEDINGS{Pascucci2004,
  author = {V. Pascucci and K. Cole-McLaughlin and G. Scorzelli},
  title = {Multi-Resolution computation and presentation of Contour Trees},
  booktitle = {VIIP 2004: Proc. IASTED conference on Visualization, Imaging, and
  Image Processing},
  year = {2004},
  pages = {452-290},
  owner = {wordlist},
  timestamp = {2012.01.29}
}

@INPROCEEDINGS{KreveldOBPS97,
  author = {Marc J. van Kreveld and Ren{\'e} van Oostrum and Chandrajit Bajaj
  and Valerio Pascucci and Daniel Schikore},
  title = {Contour Trees and Small Seed Sets for Isosurface Traversal},
  booktitle = {Proc. Symposium on Computational Geometry},
  year = {1997},
  pages = {212-220},
  bibsource = {DBLP, http://dblp.uni-trier.de},
  ee = {http://doi.acm.org/10.1145/262839.269238},
  owner = {wordlist},
  timestamp = {2012.01.30}
}


@INPROCEEDINGS{TakeshimaTFN04,
  author = {Yuriko Takeshima and Shigeo Takahashi and Issei Fujishiro and Gregory
  M. Nielson},
  title = {Introducing Topological Attributes for Objective-Based Visualization},
  booktitle = {Proc. IEEE Visualization 2004},
  year = {2004},
  pages = {6},
  bibsource = {DBLP, http://dblp.uni-trier.de},
  ee = {http://doi.ieeecomputersociety.org/10.1109/VISUAL.2004.57},
  owner = {wordlist},
  timestamp = {2012.01.16}
}

@ARTICLE{ThomasN11,
  author = {Dilip Mathew Thomas and Vijay Natarajan},
  title = {Symmetry in Scalar Field Topology},
  journal = {IEEE Trans. Vis. Comput. Graph.},
  year = {2011},
  volume = {17},
  pages = {2035-2044},
  number = {12},
  bibsource = {DBLP, http://dblp.uni-trier.de},
  ee = {http://doi.ieeecomputersociety.org/10.1109/TVCG.2011.236},
  owner = {wordlist},
  timestamp = {2012.01.17}
}


@ARTICLE{ZhouT09,
  author = {Jianlong Zhou and Masahiro Takatsuka},
  title = {Automatic Transfer Function Generation Using Contour Tree Controlled
  Residue Flow Model and Color Harmonics},
  journal = {IEEE Trans. Vis. Comput. Graph.},
  year = {2009},
  volume = {15},
  pages = {1481-1488},
  number = {6},
  bibsource = {DBLP, http://dblp.uni-trier.de},
  ee = {http://dx.doi.org/10.1109/TVCG.2009.120},
  owner = {wordlist},
  printed = {y},
  timestamp = {2010.01.04}
}

@ARTICLE{WeberDCPH07,
  author = {Gunther H. Weber and Scott E. Dillard and Hamish Carr and Valerio
  Pascucci and Bernd Hamann},
  title = {Topology-Controlled Volume Rendering},
  journal = {IEEE Trans. Vis. Comput. Graph.},
  year = {2007},
  volume = {13},
  pages = {330-341},
  number = {2},
  bibsource = {DBLP, http://dblp.uni-trier.de},
  ee = {http://dx.doi.org/10.1109/TVCG.2007.47},
  owner = {wordlist},
  timestamp = {2010.01.04}
}

@ARTICLE{Reeb1946,
  author = {Reeb, Georges},
  title = {Sur les points singuliers d'une forme de Pfaff compl\`{e}tement int\'{e}grable
  ou d'une fonction num\'{e}rique},
  journal = {Comptes Rendus Acad. Sciences},
  year = {1946},
  volume = {222},
  pages = {847-849},
  owner = {wordlist},
  timestamp = {2012.01.29}
}

@article{CandesLMW11,
 author = {Cand\`{e}s, Emmanuel J. and Li, Xiaodong and Ma, Yi and Wright, John},
 title = {Robust Principal Component Analysis?},
 journal = {J. ACM},
 issue_date = {May 2011},
 volume = {58},
 number = {3},
 month = jun,
 year = {2011},
 issn = {0004-5411},
 pages = {11:1--11:37},
 articleno = {11}
} 

@Article{GuoPPKG16,
  Title                    = {Extracting, Tracking and Visualizing Magnetic Flux Vortices in {3D} Complex-Valued Superconductor Simulation Data},
  Author                   = {Hanqi Guo and Carolyn L. Phillps and Tom Peterka and Dmitry Karpeyev and Andreas Glatz},
  Journal                  = {IEEE Transactions on Visualization and Computer Graphics},
  Year                     = {2016},
  Number                   = {1},
  Pages                    = {827--836},
  Volume                   = {22},

  Owner                    = {hguo},
  Timestamp                = {2016.07.22}
}

@Article{ReininghausKWH12,
  Title                    = {Efficient Computation of Combinatorial Feature Flow Fields},
  Author                   = {Jan Reininghaus and Jens Kasten and Tino Weinkauf and Ingrid Hotz},
  Journal                  = {IEEE Transactions on Visualization and Computer Graphics},
  Year                     = {2012},
  Number                   = {9},
  Pages                    = {1563-1573},
  Volume                   = {18},

  Bibsource                = {DBLP, http://dblp.uni-trier.de},
  Ee                       = {http://doi.ieeecomputersociety.org/10.1109/TVCG.2011.269},
  File                     = {ReininghausKWH12.pdf:ReininghausKWH12.pdf:PDF},
  Owner                    = {hanqi.guo},
  Timestamp                = {2014.02.07}
}

@Inbook{OesterlingHWMS17,
author="Oesterling, Patrick
and Heine, Christian
and Weber, Gunther H.
and Morozov, Dmitriy
and Scheuermann, Gerik",
editor="Carr, Hamish
and Garth, Christoph
and Weinkauf, Tino",
title="Computing and Visualizing Time-Varying Merge Trees for High-Dimensional Data",
bookTitle="Topological Methods in Data Analysis and Visualization IV: Theory, Algorithms, and Applications",
year="2017",
publisher="Springer International Publishing",
address="Cham",
pages="87--101",
isbn="978-3-319-44684-4",
doi="10.1007/978-3-319-44684-4_5",
url="http://dx.doi.org/10.1007/978-3-319-44684-4_5"
}


@InProceedings{TheiselS03,
  Title                    = {Feature Flow Fields},
  Author                   = {Holger Theisel and Hans-Peter Seidel},
  Booktitle                = {VisSym'03: Proc. Symp. Data Visualization},
  Year                     = {2003},
  Pages                    = {141--148},

  Bibsource                = {DBLP, http://dblp.uni-trier.de},
  File                     = {TheiselS03.pdf:TheiselS03.pdf:PDF},
  Owner                    = {Hanqi.Guo},
  Printed                  = {y},
  Timestamp                = {2009.02.28}
}


@InProceedings{GuoPG17,
  Title                    = {In Situ Magnetic Flux Vortex Visualization in Time-Dependent Ginzburg-Landau Superconductor Simulations},
  Author                   = {Hanqi Guo and Tom Peterka and Andreas Glatz},
  Booktitle                = {Proceedings of IEEE Pacific Visualization Symposium 2017},
  Year                     = {2017},
  Pages                    = {71--80}
}

@Article{PhillipsGPKG16,
  Title                    = {Tracking Vortices in Superconductors: Extracting Singularities from a Discretized Complex Scalar Field Evolving in Time},
  Author                   = {Carolyn L. Phillips and Hanqi Guo and Tom Peterka and Dmitry Karpeyev and Andreas Glatz},
  Journal                  = {Physical Review E}, 
  Year                     = {2016},
  Number                   = {023305},
  Volume                   = {93},
  Pages = {1--13}, 
  Owner                    = {hguo},
  Timestamp                = {2016.07.22}
}

@Article{PhillipsPKG15,
  Title                    = {Detecting vortices in superconductors: Extracting one-dimensional topological singularities from a discretized complex scalar field},
  Author                   = {Carolyn L. Phillips and Tom Peterka and Dmitry Karpeyev and Andreas Glatz},
  Journal                  = {Physics Review E},
  Year                     = {2015},
  Number                   = {023311},
  Pages                    = {1--12},
  Volume                   = {91},

  Owner                    = {hguo},
  Timestamp                = {2015.02.23}
}
@Article{WuWSCCSCK16,
  author    = {Lingfei Wu and K. John Wu and Alex Sim and Michael Churchill and Jong Youl Choi and Andreas Stathopoulos and Choong{-}Seock Chang and Scott Klasky},
  title     = {Towards Real-Time Detection and Tracking of Spatio-Temporal Features: Blob-Filaments in Fusion Plasma},
  journal   = {{IEEE} Trans. Big Data},
  year      = {2016},
  volume    = {2},
  number    = {3},
  pages     = {262--275},
  bibsource = {dblp computer science bibliography, http://dblp.org},
  biburl    = {http://dblp.org/rec/bib/journals/tbd/WuWSCCSCK16},
  doi       = {10.1109/TBDATA.2016.2599929},
  owner     = {hguo},
  timestamp = {Sat, 20 May 2017 00:24:16 +0200},
  url       = {https://doi.org/10.1109/TBDATA.2016.2599929},
}

@article{DavisKMRSZ14,
title = "Fast 2-D camera control, data acquisition, and database techniques for edge studies on NSTX",
journal = "Fusion Engineering and Design",
volume = "89",
number = "5",
pages = "717--720",
year = "2014",
note = "Proceedings of the 9th IAEA Technical Meeting on Control, Data Acquisition, and Remote Participation for Fusion Research",
issn = "0920-3796",
doi = "https://doi.org/10.1016/j.fusengdes.2013.11.014",
url = "http://www.sciencedirect.com/science/article/pii/S0920379613007151",
author = "W.M. Davis and M.K. Ko and R.J. Maqueda and A.L. Roquemore and F. Scotti and S.J. Zweben",
keywords = "Fast cameras, NSTX, Blobs"
}


@INPROCEEDINGS{GuoY13,
  author = {Hanqi Guo and Xiaoru Yuan},
  title = {Local {WYSIWYG} Volume Visualization}, 
  booktitle = {Proceedings of IEEE Pacific Visualization Symposium (PacificVis 2013)},
  pages = {65--72},
  year = {2013}
}



@Comment{jabref-meta: databaseType:bibtex;}
